@BOOK{bib1,
   author       = {M. P. Brown and K. Austin},
   year         = 2005,
   title        = {The New Physique},
   publisher    = {Publisher Name},
   address      = "Publisher City",
   pages        = "25--30",
}

@ARTICLE{bib2,
   author       = "M. P. Brown and K. Austin",
   year         = "2004",
   journal      = "Appl. Phys. Letters",
   volume       = "85",
   pages        = "2503--2504",
}

@INBOOK{bib3,
   author    = "R. T. Wang",
   title     = "Title of Chapter",
   booktitle = "Classic Physiques",
   publisher = "Publisher Name",
   year      = "1999",
   address   = "Publisher City",
   editor    = "R. B. Hamil",
   pages     = "212--213",
}

@INPROCEEDINGS{bib4,
   author    = "C. D. Smith and E. F. Jones",
   title     = "Load-cycling in cubic press",
   editor    = "M. D. Furnish",
   booktitle = "Shock Compression of Condensed Matter-2001",
   number    = "620",
   series    = "AIP Conference Proceedings",
   pages     = "651--654",
   year      = "2002",
   address   = "Melville, NY",
   publisher = "American Institute of Physics",
}

@MISC{bib5, 
   author       = "B. R. Jackson and T. Pitman", 
   howpublished = "{U.S. Patent No. 6,345,224}",
   month        = "8~" # jul,
   year         = "2004", 
}

@PHDTHESIS{bib6,
   author       = "D. L. Davids", 
   title        = "Recovery effects in binary aluminum alloys", 
   school       = "Harvard University", 
   year         = "1998", 
   type         = "{Ph.D.} thesis", 
}

@MISC{bib7, 
   author       = "R. C. Mikkelson", 
   title        = "", 
   note         = "(private communication)", 
}

@Article{kun,
author={Kuntscher, C. A.
and Gerhold, S.
and N{\"u}cker, N.
and Cummins, T. R.
and Lu, D.-H.
and Schuppler, S.
and Gopinath, C. S.
and Lichtenberg, F.
and Mannhart, J.
and Bohnen, K.-P.},
title={Electronic structure of layered perovskite-related $ \mathrm{Sr_{1-y}} $},
journal={Physical Review B},
year={2000},
month={Jan},
day={15},
publisher={American Physical Society},
volume={61},
number={3},
pages={1876-1883},
doi={10.1103/PhysRevB.61.1876},
url={https://link.aps.org/doi/10.1103/PhysRevB.61.1876}
}
